<?xml version="1.0" encoding="UTF-8"?><record xmlns="http://www.loc.gov/MARC21/slim" xmlns:cinclude="http://apache.org/cocoon/include/1.0" xmlns:zs="http://www.loc.gov/zing/srw/">
  <leader>00677nz  a2200145n  4500</leader>
  <controlfield tag="001">no2002035559</controlfield>
  <controlfield tag="003">DLC</controlfield>
  <controlfield tag="005">20020426053846.0</controlfield>
  <controlfield tag="008">020425n| acannaabn          |a ana     c</controlfield>
  <datafield tag="010" ind1=" " ind2=" ">
    <subfield code="a">no2002035559</subfield>
  </datafield>
  <datafield tag="035" ind1=" " ind2=" ">
    <subfield code="a">(OCoLC)oca05746711</subfield>
  </datafield>
  <datafield tag="040" ind1=" " ind2=" ">
    <subfield code="a">CU</subfield>
    <subfield code="b">eng</subfield>
    <subfield code="c">CU</subfield>
  </datafield>
  <datafield tag="110" ind1="2" ind2=" ">
    <subfield code="a">Universidad Nacional Mayor de San Marcos.</subfield>
    <subfield code="b">Instituto de Investigación del Pensamiento Peruano y Latinoamericano</subfield>
  </datafield>
  <datafield tag="410" ind1="2" ind2=" ">
    <subfield code="a">Universidad Nacional Mayor de San Marcos.</subfield>
    <subfield code="b">Facultad de Letras y Ciencias Humanas.</subfield>
    <subfield code="b">Instituto de Investigación del Pensamiento Peruano y Latinoamericano</subfield>
  </datafield>
  <datafield tag="670" ind1=" " ind2=" ">
    <subfield code="a">Logos latinoamericano, 1994:</subfield>
    <subfield code="b">t.p. (revista del Instituto de Investigación del Pensamiento Peruano y Latinoamericano)</subfield>
  </datafield>
</record>